% This file was created with JabRef 2.7b.
% Encoding: Cp1252

@UNPUBLISHED{anse.ea13,
  author = {J. Anselmi and B. D'Auria and N. Walton},
  title = {Closed queueing networks under congestion: non-bottleneck independence
	and bottleneck convergence},
  note = {accepted in Mathematics of Operations Research},
  year = {2013},
  owner = {line},
  timestamp = {2013.07.29}
}

@MISC{modaD541,
  author = {D. Ardagna and M. Ciavotta and M. Shokrolahi and G. Gibilisco and
	G. Casale and J. P\'erez},
  title = {{MODAClouds Deliverable D5.4.1}. {P}rediction and cost assessment
	tool - {P}roof of concept},
  howpublished = {\url{ http://www.modaclouds.eu/software/}},
  year = {2013},
  owner = {line},
  timestamp = {2013.10.02}
}

@ARTICLE{bcmp75,
  author = {Baskett, F. and Chandy, K.M. and Muntz, R.R. and Palacios, F.G.},
  title = {Open, closed and mixed networks of queues with different classes
	of customers},
  journal = {J. Assoc. Comput. Mach.},
  year = {1975},
  volume = {22},
  pages = {248-260},
  owner = {line},
  timestamp = {2013.07.22}
}

@INPROCEEDINGS{beck.ea07,
  author = {Becker, Steffen and Koziolek, Heiko and Reussner, Ralf},
  title = {Model-Based performance prediction with the palladio component model},
  booktitle = {Proceedings of the 6th WOSP},
  year = {2007},
  pages = {54--65},
  numpages = {12},
  owner = {line},
  timestamp = {2013.07.22}
}

@INPROCEEDINGS{BerCS07,
  author = {M. Bertoli and G. Casale and G. Serazzi},
  title = {The {JMT} Simulator for Performance Evaluation of Non-Product-Form
	Queueing Networks},
  booktitle = {Proc. of the 40th Annual Simulation Symposium (ANSS)},
  year = {2007},
  pages = {3--10}
}

@INPROCEEDINGS{casale2015qdamva,
  author = {Casale, G. and P\'erez, J. F. and Wang, W.},
  title = {{QD-AMVA}: Evaluating Systems with Queue-Dependent Service Requirements},
  booktitle = {Proceedings of IFIP PERFORMANCE},
  year = {2015},
  owner = {line},
  timestamp = {2015.07.01}
}

@INPROCEEDINGS{casa.trib11,
  author = {G. Casale and M. Tribastone},
  title = {Fluid Analysis of Queueing in Two-Stage Random Environments},
  booktitle = {Proceedings of QEST 2011},
  year = {2011},
  owner = {line},
  timestamp = {2013.07.04}
}

@ARTICLE{chan.neus82,
  author = {Chandy, K. Mani and Neuse, Doug},
  title = {Linearizer: a heuristic algorithm for queueing network models of
	computing systems},
  journal = {Commun. ACM},
  year = {1982},
  volume = {25},
  pages = {126--134},
  number = {2},
  issue_date = {Feb 1982},
  owner = {line},
  timestamp = {2013.07.22}
}

@INPROCEEDINGS{fran.ea13,
  author = {Franceschelli, Davide and Ardagna, Danilo and Ciavotta, Michele and
	Di Nitto, Elisabetta},
  title = {{SPACE4CLOUD}: a tool for system performance and cost evaluation
	of cloud systems},
  booktitle = {Proceedings of the 2013 Multi-Cloud workshop},
  year = {2013},
  pages = {27--34},
  publisher = {ACM},
  location = {Prague, Czech Republic},
  numpages = {8},
  owner = {line},
  timestamp = {2013.09.04}
}

@ARTICLE{fran.ea09,
  author = {Franks, G. and Al-Omari, T. and Woodside, M. and Das, O. and Derisavi,
	S.},
  title = {Enhanced Modeling and Solution of Layered Queueing Networks},
  journal = {Software Engineering, IEEE Transactions on},
  year = {2009},
  volume = {35},
  pages = {148-161},
  number = {2},
  owner = {line},
  timestamp = {2013.07.22}
}

@INPROCEEDINGS{fran.li12,
  author = {Franks, Greg and Li, Lianhua},
  title = {Efficiency improvements for solving layered queueing networks},
  booktitle = {Proceedings of the 3rd ACM/SPEC International Conference on Performance
	Engineering},
  year = {2012},
  series = {ICPE '12},
  pages = {279--282},
  isbn = {978-1-4503-1202-8},
  location = {Boston, Massachusetts, USA},
  owner = {line},
  timestamp = {2013.07.22}
}

@MANUAL{lqns13,
  title = {Layered Queueing Network Solver and Simulator User Manual},
  author = {Greg Franks and Peter Maly and Murray Woodside and Dorina C. Petriu
	and Alex Hubbard and Martin Mroz},
  organization = {Carleton University},
  month = {January},
  year = {2013},
  owner = {line},
  timestamp = {2013.07.22}
}

@INPROCEEDINGS{fran.wood04,
  author = {Franks, G. and Woodside, M.},
  title = {Multiclass multiservers with deferred operations in layered queueing
	networks, with software system applications},
  booktitle = {Proceedings of the 12th IEEE MASCOTS},
  year = {2004},
  owner = {line},
  timestamp = {2013.07.22}
}

@INPROCEEDINGS{grass.ea05,
  author = {V. Grassi and R. Mirandola and A. Sabetta},
  title = {From design to analysis models: a kernel language for performance
	and reliability analysis of component-based systems},
  booktitle = {Proc.~5th International Workshop on Software and Performance (WOSP)},
  year = {2004},
  owner = {line},
  timestamp = {2013.07.30}
}

@BOOK{hill96,
  title = {A Compositional Approach to Performance Modelling},
  publisher = {Cambridge University Press},
  year = {1996},
  author = {J. Hillston},
  owner = {line},
  timestamp = {2013.07.22}
}

@ARTICLE{kozi10,
  author = {H. Koziolek},
  title = {Performance evaluation of component-based software systems: a survey},
  journal = {Performance Evaluation},
  year = {2010},
  volume = {67},
  pages = {634-658},
  owner = {line},
  timestamp = {2013.07.22}
}

@INCOLLECTION{kozi.reus08,
  author = {Koziolek, Heiko and Reussner, Ralf},
  title = {A Model Transformation from the Palladio Component Model to Layered
	Queueing Networks},
  booktitle = {Performance Evaluation: Metrics, Models and Benchmarks},
  publisher = {Springer},
  year = {2008},
  volume = {5119},
  series = {Lecture Notes in Computer Science},
  pages = {58-78},
  owner = {line},
  timestamp = {2013.07.22}
}

@ARTICLE{kurt70,
  author = {Thomas G. Kurtz},
  title = {Solutions of Ordinary Differential Equations as Limits of Pure Jump
	{Markov} Processes},
  journal = {Journal of Applied Probability},
  year = {1970},
  volume = {7},
  pages = {49-58},
  owner = {line},
  timestamp = {2013.07.29}
}

@ARTICLE{Lav89,
  author = {S. S. Lavenberg},
  title = {A Perspective on Queueing Models of Computer Performance},
  journal = {Perform. Eval.},
  year = {1989},
  volume = {10},
  pages = {53--76},
  number = {1}
}

@BOOK{LazZGS84,
  title = {Quantitative System Performance},
  publisher = {Prentice-Hall},
  year = {1984},
  author = {E. D. Lazowska and J. Zahorjan and G. S. Graham and K. C. Sevcik},
  howpublished = {\url{ https://homes.cs.washington.edu/\sim lazowska/qsp/}}
}

@ARTICLE{liu.ea05,
  author = {Liu, Yan and Fekete, Alan and Gorton, Ian},
  title = {Design-Level Performance Prediction of Component-Based Applications},
  journal = {IEEE Trans. Softw. Eng.},
  year = {2005},
  volume = {31},
  pages = {928--941},
  number = {11},
  month = nov,
  owner = {line},
  timestamp = {2013.07.30}
}

@INPROCEEDINGS{migl.ea13,
  author = {Marco Miglierina and Giovanni P. Gibilisco and Danilo Ardagna and
	Elisabetta Di Nitto},
  title = {Model Based Control for Multi-cloud Applications},
  booktitle = {Proc.\ MiSE},
  year = {2013},
  pages = {37--43},
  publisher = {IEEE},
  owner = {line},
  timestamp = {2013.09.04}
}

@TECHREPORT{omg08,
  author = {{Object Management Group (OMG)}},
  title = {A {UML} Profile for {MARTE}: Modeling and Analysis of Real-Time Embedded
	systems, Beta 2},
  institution = {OMG},
  year = {2008},
  number = {OMG Document Number: ptc/2008-06-09},
  owner = {line},
  timestamp = {2013.07.22}
}

@INPROCEEDINGS{pere.casa13,
  author = {J. F. P\'erez and G. Casale},
  title = {Assessing {SLA} Compliance from {P}alladio Component Models},
  booktitle = {Proceedings of the 2nd MICAS},
  year = {2013},
  owner = {line},
  timestamp = {2013.09.09}
}

@ARTICLE{reis79,
  author = {Reiser, M.},
  title = {A Queueing Network Analysis of Computer Communication Networks with
	Window Flow Control},
  journal = {Communications, IEEE Transactions on},
  year = {1979},
  volume = {27},
  pages = {1199-1209},
  number = {8},
  owner = {line},
  timestamp = {2013.07.30}
}

@ARTICLE{pmif2,
  author = {C. U. Smith and C. M. Llad\'o and R. Puigjanerb},
  title = {Performance Model Interchange Format ({PMIF} 2): A comprehensive
	approach to Queueing Network Model interoperability},
  journal = {Performa},
  year = {2010},
  volume = {67},
  pages = {548--568},
  owner = {line},
  timestamp = {2015.08.18}
}

@ARTICLE{trib13,
  author = {Tribastone, Mirco},
  title = {A Fluid Model for Layered Queueing Networks},
  journal = {IEEE Trans. Softw. Eng.},
  year = {2013},
  volume = {39},
  pages = {744--756},
  number = {6},
  month = jun,
  issn = {0098-5589},
  issue_date = {June 2013},
  owner = {line},
  timestamp = {2013.07.22}
}

@ARTICLE{trib.ea12,
  author = {Mirco Tribastone and Jie Ding and Stephen Gilmore and Jane Hillston},
  title = {Fluid Rewards for a Stochastic Process Algebra},
  journal = {IEEE Transactions on Software Engineering},
  year = {2012},
  volume = {38},
  pages = {861-874},
  number = {4},
  owner = {line},
  timestamp = {2013.07.22}
}

@INPROCEEDINGS{trib.ea10,
  author = {Tribastone, Mirco and Mayer, Philip and Wirsing, Martin},
  title = {Performance prediction of service-oriented systems with layered queueing
	networks},
  booktitle = {Proceedings of ISoLA 2010},
  year = {2010},
  pages = {51--65},
  isbn = {3-642-16560-5, 978-3-642-16560-3},
  location = {Heraklion, Crete, Greece},
  owner = {line},
  timestamp = {2013.07.22}
}

@INPROCEEDINGS{wu.wood04,
  author = {X. Wu and M. Woodside},
  title = {Performance modeling from software components},
  booktitle = {Proc.~4th International Workshop on Software and Performance (WOSP)},
  year = {2004},
  owner = {line},
  timestamp = {2013.07.30}
}

@STANDARD{bpmn2,
  title = {Business Process Model and Notation {(BPMN})},
  organization = {OMG},
  year = {2011},
  howpublished = {\url{ http://www.omg.org/spec/BPMN/2.0}},
  owner = {line},
  timestamp = {2015.08.18}
}
%%%%%%%%%%%%%%%
% This file was created with JabRef 2.7b.
% Encoding: UTF-8

@ARTICLE{anic.ea82,
  author = {Anick, D. and Mitra, D. and Sondhi, M.M.},
  title = {Stochastic theory of a data handling system with multiple sources},
  journal = {The Bell System Technical Journal},
  year = {1982},
  volume = {61},
  pages = {1871-1894},
  owner = {line},
  timestamp = {2013.01.17}
}

@ARTICLE{bean.ea05,
  author = {N. G. Bean and M- M. O'Reilly and P. G. Taylor},
  title = {Algorithms for return probabilities for stochastic fluid flows},
  journal = {Stochastic Models},
  year = {2005},
  volume = {21},
  pages = {149-184},
  owner = {line},
  timestamp = {2012.11.25}
}

@ARTICLE{fiel.harr07,
  author = {Field, A. J. and Harrison, P. G.},
  title = {An approximate compositional approach to the analysis of fluid queue
	networks},
  journal = {Perform. Eval.},
  year = {2007},
  volume = {64},
  pages = {1137--1152},
  number = {9-12},
  month = oct,
  acmid = {1285036},
  address = {Amsterdam, The Netherlands, The Netherlands},
  doi = {10.1016/j.peva.2007.06.025},
  issn = {0166-5316},
  issue_date = {October, 2007},
  keywords = {Analytical model, Approximation, Fluid queue, Network, on/off process},
  numpages = {16},
  owner = {line},
  publisher = {Elsevier Science Publishers B. V.},
  timestamp = {2013.01.18},
  howpublished = {\url{ http://dx.doi.org/10.1016/j.peva.2007.06.025}}
}

@ARTICLE{gupt.harr08,
  author = {Gupta, Varun and Harrison, Peter G.},
  title = {Fluid level in a reservoir with an on-off source},
  journal = {SIGMETRICS Perform. Eval. Rev.},
  year = {2008},
  volume = {36},
  pages = {128--130},
  number = {2},
  month = aug,
  acmid = {1453206},
  address = {New York, NY, USA},
  doi = {10.1145/1453175.1453206},
  issn = {0163-5999},
  issue_date = {September 2008},
  numpages = {3},
  owner = {line},
  publisher = {ACM},
  timestamp = {2013.01.18},
  howpublished = {\url{ http://doi.acm.org/10.1145/1453175.1453206}}
}

@ARTICLE{kell01,
  author = {Kella, O.},
  title = {Markov-modulated Feedforward Fluid Networks},
  journal = {Queueing Systems},
  year = {2001},
  volume = {37},
  pages = {141--161},
  owner = {line},
  timestamp = {2013.01.18}
}

@INCOLLECTION{kulk97,
  author = {Kulkarni, V. G.},
  title = {Fluid models for single buffer systems},
  booktitle = {Frontiers in queueing},
  publisher = {CRC Press, Inc.},
  year = {1997},
  editor = {Dshalalow, Jewgeni H.},
  pages = {321--338},
  address = {Boca Raton, FL, USA},
  acmid = {279264},
  isbn = {0-8493-8076-6},
  numpages = {18},
  owner = {line},
  timestamp = {2013.01.17},
  howpublished = {\url{ http://dl.acm.org/citation.cfm?id=279251.279264}}
}

@PHDTHESIS{sche98,
  author = {Scheinhardt, W.},
  title = {Markov-modulated and feedback fuid queues},
  school = {University of Twente},
  year = {1998},
  owner = {line},
  timestamp = {2013.01.18}
}












% This file was created with JabRef 2.7.2.
% Encoding: Cp1252

@INPROCEEDINGS{bort.trib12,
  author = {Bortolussi, Luca and Tribastone, Mirco},
  title = {Fluid limits of queueing networks with batches},
  booktitle = {Proceedings of the third joint WOSP/SIPEW international conference
	on Performance Engineering},
  year = {2012},
  series = {ICPE '12},
  pages = {45--56},
  address = {New York, NY, USA},
  publisher = {ACM},
  acmid = {2188296},
  doi = {10.1145/2188286.2188296},
  isbn = {978-1-4503-1202-8},
  keywords = {batch services, fluid limits, queueing networks},
  location = {Boston, Massachusetts, USA},
  numpages = {12},
  owner = {line},
  timestamp = {2012.11.28},
  howpublished = {\url{ http://doi.acm.org/10.1145/2188286.2188296}}
}

@ARTICLE{chan.ea82,
  author = {Chandy, K. Mani and Neuse, Doug},
  title = {Linearizer: a heuristic algorithm for queueing network models of
	computing systems},
  journal = {Commun. ACM},
  year = {1982},
  volume = {25},
  pages = {126--134},
  number = {2},
  month = feb,
  acmid = {358403},
  address = {New York, NY, USA},
  doi = {10.1145/358396.358403},
  issn = {0001-0782},
  issue_date = {Feb 1982},
  keywords = {closed queueing network, local balance queueing network, product-form
	queueing network},
  numpages = {9},
  owner = {line},
  publisher = {ACM},
  timestamp = {2012.11.28},
  howpublished = {\url{ http://doi.acm.org/10.1145/358396.358403}}
}

@INCOLLECTION{das.wood04,
  author = {Das, Olivia and Woodside, C.Murray},
  title = {Dependability Modeling of Self-healing Client-Server Applications},
  booktitle = {Architecting Dependable Systems II},
  publisher = {Springer Berlin Heidelberg},
  year = {2004},
  editor = {Lemos, Rogerio and Gacek, Cristina and Romanovsky, Alexander},
  volume = {3069},
  series = {Lecture Notes in Computer Science},
  pages = {266-285},
  doi = {10.1007/978-3-540-25939-8_12},
  isbn = {978-3-540-23168-4},
  owner = {line},
  timestamp = {2013.01.30}
}

@Article{GastH16,
  title =	"Transient and steady-state regime of a family of
		 list-based cache replacement algorithms",
  author =	"Nicolas Gast and Benny Van Houdt",
  journal =	"Queueing Syst",
  year = 	"2016",
  number =	"3-4",
  volume =	"83",
  bibdate =	"2017-07-26",
  bibsource =	"DBLP,
		 http://dblp.uni-trier.de/https://doi.org/10.1007/s11134-016-9487-9;
		 DBLP,
		 http://dblp.uni-trier.de/db/journals/questa/questa83.html#GastH16",
  pages =	"293--328",
}

@MANUAL{lqns12,
  title = {Layered Queueing Network Solver and Simulator User Manual},
  author = {Franks, G. and Maly, P. and Woodside, C. M. and Petriu, D. C. and
	Hubbard, A. and Mroz, M.},
  year = {2012},
  owner = {line},
  timestamp = {2013.01.29},
  howpublished = {\url{ http://www.sce.carleton.ca/rads/lqns/LQNSUserMan.pdf}}
}

@ARTICLE{fran.wood99,
  author = {Franks, G. and Woo},
  title = {Effectiveness of early replies in client-server systems},
  journal = {Performance Evaluation},
  year = {1999},
  volume = {36},
  pages = {165--183},
  owner = {line},
  timestamp = {2013.01.30}
}

@INPROCEEDINGS{kahk99,
  author = {K\"{a}hkipuro, Pekka},
  title = {UML based performance modeling framework for object-oriented distributed
	systems},
  booktitle = {Proceedings of the 2nd international conference on The unified modeling
	language: beyond the standard},
  year = {1999},
  series = {UML'99},
  pages = {356--371},
  address = {Berlin, Heidelberg},
  publisher = {Springer-Verlag},
  acmid = {1767335},
  isbn = {3-540-66712-1},
  location = {Fort Collins, CO, USA},
  numpages = {16},
  owner = {line},
  timestamp = {2012.12.04},
  howpublished = {\url{ http://dl.acm.org/citation.cfm?id=1767297.1767335}}
}

@ARTICLE{omar.ea07,
  author = {Omari, Tariq and Franks, Greg and Woodside, Murray and Pan, Amy},
  title = {Efficient performance models for layered server systems with replicated
	servers and parallel behaviour},
  journal = {J. Syst. Softw.},
  year = {2007},
  volume = {80},
  pages = {510--527},
  number = {4},
  month = apr,
  acmid = {1226112},
  address = {New York, NY, USA},
  doi = {10.1016/j.jss.2006.07.022},
  issn = {0164-1212},
  issue_date = {April, 2007},
  keywords = {Analytic performance model, Client-server performance, Layered queueing
	networks, Parallelism, Replication},
  numpages = {18},
  owner = {line},
  publisher = {Elsevier Science Inc.},
  timestamp = {2013.01.29},
  howpublished = {\url{ http://dx.doi.org/10.1016/j.jss.2006.07.022}}
}

@ARTICLE{roli.sevc95,
  author = {Rolia, J. A. and Sevcik, K. C.},
  title = {The Method of Layers},
  journal = {IEEE Transactions on Software Engineering},
  year = {1995},
  volume = {21},
  pages = {689--700},
  number = {8},
  month = aug,
  acmid = {631178},
  address = {Piscataway, NJ, USA},
  doi = {10.1109/32.403785},
  issn = {0098-5589},
  issue_date = {August 1995},
  keywords = {Management of distributed applications, performance of systems, queueing
	network models, software performance engineering, software performance
	models.},
  numpages = {12},
  owner = {line},
  publisher = {IEEE Press},
  timestamp = {2012.11.28},
  howpublished = {\url{ http://dx.doi.org/10.1109/32.403785}}
}

@INPROCEEDINGS{roli.ea09,
  author = {Rolia, J. and Casale, G. and Krishnamurthy, D. and Dawson, S. and
	Kraft, S.},
  title = {Predictive modeling of {SAP} {ERP} applications: challenges and solutions},
  booktitle = {Proceedings of ROSSA workshop},
  year = {2009},
  owner = {line},
  timestamp = {2013.01.30}
}

@INPROCEEDINGS{shei.ea97,
  author = {F. Sheihk and J. Rolia and P. Garg and S. Frolund and A. Shepherd},
  title = {Layered Modelling of Large Scale Distributed Applications},
  booktitle = {Proceedings of the 1st World Congress on Systems Simulation, Quality
	of Service Modelling},
  year = {1997},
  owner = {line},
  timestamp = {2013.01.29}
}

@ARTICLE{trib12,
  author = {Mirco Tribastone},
  title = {A Fluid Model for Layered Queueing Networks},
  journal = {IEEE Transactions on Software Engineering},
  year = {2012},
  volume = {99},
  pages = {1},
  number = {PrePrints},
  address = {Los Alamitos, CA, USA},
  doi = {http://doi.ieeecomputersociety.org/10.1109/TSE.2012.66},
  issn = {0098-5589},
  owner = {line},
  publisher = {IEEE Computer Society},
  timestamp = {2012.11.28}
}

@ARTICLE{wood.ea95,
  author = {C. Murray Woodside and John E. Neilson and Dorina C. Petriu and and
	Shikharesh Majumdar},
  title = {The Stochastic Rendezvous Network Model for Performance of Synchronous
	Client-Server-like Distributed Software},
  journal = {IEEE Transactions on Computers},
  year = {1995},
  volume = {44},
  pages = {20-34},
  number = {1},
  address = {Los Alamitos, CA, USA},
  doi = {http://doi.ieeecomputersociety.org/10.1109/12.368012},
  issn = {0018-9340},
  owner = {line},
  publisher = {IEEE Computer Society},
  timestamp = {2013.01.29}
}











% This file was created with JabRef 2.7.2.
% Encoding: UTF-8

@ARTICLE{asm.ea96,
  author = {S. Asmussen and O. Nerman and M. Olsson},
  title = {Fitting phase-type distributions via the {EM} algorithm},
  journal = {Scandinavian Journal of Statistics},
  year = {1996},
  volume = {23},
  pages = {419--441},
  owner = {line},
  timestamp = {2013.02.21}
}

@ARTICLE{bre02,
  author = {L. Breuer},
  title = {An {EM} algorithm for batch markovian arrival processes and its comparison
	to a simple estimation procedure},
  journal = {Annals of Operations Research},
  year = {2002},
  volume = {112},
  pages = {123--138},
  owner = {line},
  timestamp = {2013.02.21}
}

@ARTICLE{kha.ea03,
  author = {Rachid {Khayari el Abdouni} and Ramin {Sadre} and Boudewijn R. {Haverkort}},
  title = {Fitting World-Wide Web Request Traces with the EM-Algorithm Performance
	Evaluation},
  journal = {Performance Evaluation},
  year = {2003},
  volume = {52},
  pages = {175--191},
  owner = {line},
  publisher = {Elsevier},
  timestamp = {2013.02.21}
}

@BOOK{lato.rama99,
  title = {Introduction to Matrix Analytic Methods in Stochastic Modeling},
  publisher = {Society for Industrial and Applied Mathematics},
  year = {1999},
  author = {Latouche, G. and Ramaswami, V.},
  owner = {line},
  timestamp = {2013.01.17}
}

@BOOK{neut89,
  title = {Structured Stochastic Matrices of M/G/1 Type and Their Applications},
  publisher = {Marcel Dekker},
  year = {1989},
  author = {Neuts, M. F.},
  owner = {line},
  timestamp = {2013.01.17}
}

@BOOK{neut81,
  title = {Matrix-geometric solutions in stochastic models: an algorithmic approach},
  publisher = {Johns Hopkins University Press},
  year = {1981},
  author = {M. F. Neuts},
  owner = {line},
  timestamp = {2013.01.17}
}

@ARTICLE{thu.ea06,
  author = {A. Thummler and P. Buchholz and M. Telek},
  title = {A novel approach for phase-type fitting with the {EM} algorithm},
  journal = {IEEE Transactions on D},
  year = {2006},
  volume = {3},
  pages = {245--258},
  owner = {line},
  timestamp = {2013.02.21}
}









% This file was created with JabRef 2.7b.
% Encoding: UTF-8

@ARTICLE{bena.lebo08,
  author = {Bena\"{\i}m, Michel and Le Boudec, Jean-Yves},
  title = {A class of mean field interaction models for computer and communication
	systems},
  journal = {Perform. Eval.},
  year = {2008},
  volume = {65},
  pages = {823--838},
  number = {11-12},
  month = nov,
  acmid = {1453586},
  address = {Amsterdam, The Netherlands, The Netherlands},
  doi = {10.1016/j.peva.2008.03.005},
  issn = {0166-5316},
  issue_date = {November, 2008},
  keywords = {Bianchi's formula, Decoupling assumption, Dynamical system, Fixed
	point, Game theory, MAC protocol, Markov chain, Mean field interaction
	model, Reputation systems},
  numpages = {16},
  owner = {line},
  publisher = {Elsevier Science Publishers B. V.},
  timestamp = {2013.01.17},
  howpublished = {\url{ http://dx.doi.org/10.1016/j.peva.2008.03.005}}
}

@BOOK{kurt81,
  title = {Approximation of Population Processes},
  publisher = {Society for Industrial and Applied Mathematics},
  year = {1981},
  author = {Kurtz, T. G.},
  owner = {line},
  timestamp = {2013.01.17},
  howpublished = {\url{ http://epubs.siam.org/doi/abs/10.1137/1.9781611970333}}
}

@ARTICLE{kurt70,
  author = {Kurtz, T. G.},
  title = {Solutions of Ordinary Differential Equations as Limits of Pure Jump
	Markov Processes},
  journal = {Journal of Applied Probability},
  year = {190},
  volume = {7},
  pages = {49-58},
  owner = {line},
  timestamp = {2013.01.17}
}

@INPROCEEDINGS{lebo.ea07,
  author = {J. {Le Boudec} and D. McDonald and J. Mundinger},
  title = {A Generic Mean Field Convergence Result for Systems of Interacting
	Objects.},
  booktitle = {QEST 2007},
  year = {2007},
  owner = {line},
  timestamp = {2013.01.17}
}









% This file was created with JabRef 2.7.2.
% Encoding: UTF-8

@ARTICLE{mars.ea84,
  author = {Ajmone Marsan, Marco and Conte, Gianni and Balbo, Gianfranco},
  title = {A class of generalized stochastic Petri nets for the performance
	evaluation of multiprocessor systems},
  journal = {ACM Trans. Comput. Syst.},
  year = {1984},
  volume = {2},
  pages = {93--122},
  number = {2},
  month = may,
  issn = {0734-2071},
  issue_date = {May 1984},
  owner = {line},
  timestamp = {2013.02.25}
}

@ARTICLE{alla.davi98,
  author = {Hassane Alla and Ren{\'e} David},
  title = {Continuous and Hybrid Petri Nets},
  journal = {Journal of Circuits, Systems, and Computers},
  year = {1998},
  volume = {8},
  pages = {159-188},
  number = {1},
  owner = {line},
  timestamp = {2013.01.18}
}

@INCOLLECTION{brog.ea09,
  author = {Brogi, Antonio and Corfini, Sara and Iardella, Stefano},
  title = {From OWL-S Descriptions to Petri Nets},
  booktitle = {Service-Oriented Computing - ICSOC 2007 Workshops},
  publisher = {Springer-Verlag},
  year = {2009},
  editor = {Nitto, Elisabetta and Ripeanu, Matei},
  pages = {427--438},
  isbn = {978-3-540-93850-7},
  owner = {line},
  timestamp = {2013.02.25}
}

@INPROCEEDINGS{hama.bena03,
  author = {Hamadi, Rachid and Benatallah, Boualem},
  title = {A Petri net-based model for web service composition},
  booktitle = {Proceedings of the 14th Australasian database conference - Volume
	17},
  year = {2003},
  series = {ADC '03},
  pages = {191--200},
  isbn = {0-909-92595-X},
  location = {Adelaide, Australia},
  owner = {line},
  timestamp = {2013.02.25}
}

@ARTICLE{hort.ea98,
  author = {Horton, G. and Kulkarni, V.G. and Nicol, D.M. and Trivedi, K.S.},
  title = {Fluid stochastic {Petri} nets: Theory, applications, and solution
	techniques},
  journal = {European Journal of Operational research},
  year = {1998},
  volume = {105},
  pages = {184--201},
  owner = {line},
  timestamp = {2013.01.18}
}

@ARTICLE{moll82,
  author = {Molloy, M. K.},
  title = {Performance Analysis Using Stochastic Petri Nets},
  journal = {IEEE Trans. Comput.},
  year = {1982},
  volume = {31},
  pages = {913--917},
  number = {9},
  month = sep,
  issn = {0018-9340},
  issue_date = {September 1982},
  owner = {line},
  timestamp = {2013.02.25}
}

@ARTICLE{mura89,
  author = {T. Murata},
  title = {Petri Nets: Properties, analisys and applications},
  journal = {Proc. IEEE},
  year = {1989},
  volume = {77},
  pages = {541--579},
  owner = {line},
  timestamp = {2013.01.17}
}

@INPROCEEDINGS{petr62,
  author = {Petri, C. A.},
  title = {Fundamentals of a Theory of Asynchronous Information Flow},
  booktitle = {IFIP Congress},
  year = {1962},
  pages = {386--390},
  owner = {line},
  timestamp = {2013.01.17}
}

@ARTICLE{vand98,
  author = {W. M. P. {VAN DER AALST}},
  title = {THE APPLICATION OF PETRI NETS TO WORKFLOW MANAGEMENT},
  journal = {Journal of Circuits, Systems, and Computers},
  year = {1998},
  volume = {8},
  pages = {21--66},
  owner = {line},
  timestamp = {2013.02.25}
}









% This file was created with JabRef 2.7.2.
% Encoding: Cp1252
@BOOK{chao.ea99,
  title = {Queueing Networks. Customers and Product Form Solutions},
  publisher = {Wiley},
  year = {1999},
  author = {X. Chao and M. Miyazawa and M. Pinedo},
  owner = {line},
  timestamp = {2012.11.30}
}

@BOOK{kell79,
  title = {Reversibility and Stochastic Networks},
  publisher = {Cambridge University Press},
  year = {1979},
  author = {Kelly, F. P.},
  address = {New York, NY, USA},
  isbn = {1107401151, 9781107401150},
  owner = {line},
  timestamp = {2013.01.16}
}

@ARTICLE{reis.lave80,
  author = {M. Reiser and S. Lavenberg},
  title = {Mean-Value Analysis of Closed Multichain Queuing Networks},
  journal = {Journal of the ACM},
  year = {1980},
  volume = {27},
  pages = {313--322},
  owner = {line},
  timestamp = {2013.02.27}
}

@BOOK{serf99,
  title = {Queueing Networks},
  publisher = {Springer},
  year = {1999},
  author = {R. Serfozo},
  owner = {line},
  timestamp = {2012.12.04}
}


% This file was created with JabRef 2.7.2.
% Encoding: Cp1252

@BOOK{breu.baum05,
  title = {An introduction to queueing theory and matrix-analytic methods},
  publisher = {Springer},
  year = {2005},
  author = {L. Breuer and D. Baum},
  owner = {line},
  timestamp = {2013.01.16}
}

@BOOK{klei75,
  title = {Queueing Systems. Volume 1: Theory},
  publisher = {Wiley-Interscience},
  year = {1975},
  author = {L. Kleinrock},
  owner = {line},
  timestamp = {2013.01.16}
}

% This file was created with JabRef 2.7.2.
% Encoding: Cp1252

@BOOK{anis.02,
  title = {Switching processes in queueing models},
  publisher = {Wiley},
  year = {2008},
  author = {Anisimov, V.V.},
  owner = {line},
  timestamp = {2013.02.15}
}

@ARTICLE{gand.ea10,
  author = {A. Gandhi and V. Gupta and M. Harchol-Balter and M. A. Kozuch.},
  title = {Optimality analysis of energy-performance trade-off for
	
	server farm management.},
  journal = {Performance Evaluation},
  year = {2010},
  volume = {67},
  pages = {1155--1171},
  owner = {line},
  timestamp = {2013.02.15}
}

@BOOK{nasa02,
  title = {Fault tree handbook with aerospace applications},
  year = {2002},
  author = {NASA Office of Safety and Mission Assurance},
  owner = {line},
  timestamp = {2013.02.15}
}

@BOOK{sahn.ea96,
  title = {Performance and Reliability Analysis of Computer Systems: An Example-Based
	Approach Using the SHARPE Software Package},
  publisher = {Kluwer Academic Publishers},
  year = {1996},
  author = {Sahner, R. and Trivedi, K. S. and Puliafito, A.},
  owner = {line},
  timestamp = {2013.02.15}
}

@Book{BolGMT06,
  title =     {Queueing Networks and Markov Chains},
  publisher = {Wiley},
  year =      {2006},
  author =    {G. Bolch and S. Greiner and H. de Meer and K. S. Trivedi}
}

@article{MulRSK16,
  author    = {Christoph M{\"{u}}ller and
               Piotr Rygielski and
               Simon Spinner and
               Samuel Kounev},
  title     = {Enabling Fluid Analysis for Queueing Petri Nets via Model Transformation},
  journal   = {Electr. Notes Theor. Comput. Sci.},
  volume    = {327},
  pages     = {71--91},
  year      = {2016},
  doi       = {10.1016/j.entcs.2016.09.024},
}

@inproceedings{LiAZCP17,
  author    = {C. Li and
               T. Altamimi and
               M. H. Zargari and
               G. Casale and
               D. C. Petriu},
  title     = {Tulsa: {A} Tool for Transforming {UML} to Layered Queueing Networks
               for Performance Analysis of Data Intensive Applications},
  booktitle = {Quantitative Evaluation of Systems - 14th International Conference,
               {QEST} 2017, Berlin, Germany, September 5-7, 2017, Proceedings},
  pages     = {295--299},
  year      = {2017},
}

@ARTICLE{PerC17,
author={J. F. P\'erez and G. Casale},
journal={IEEE Transactions on Reliability},
title={Line: Evaluating Software Applications in Unreliable Environments},
year={2017},
volume={66},
number={3},
pages={837-853},
keywords={Analytical models;Cloud computing;Computational modeling;Phase change materials;Software reliability;Unified modeling language;Computer aided software engineering;Markov processes;software quality;software reliability},
doi={10.1109/TR.2017.2655505},
ISSN={0018-9529},
month={Sept}
}

@ARTICLE{Cou75,
  author = {P.J. Courtois},
  title = {Decomposability, instabilities, and saturation in multiprogramming
	systems},
  journal = {Comm. of the ACM},
  year = {1975},
  volume = {18},
  pages = {371--377},
  number = {7}
}

@article{CasTH14,
  author    = {Giuliano Casale and
               Mirco Tribastone and
               Peter G. Harrison},
  title     = {Blending randomness in closed queueing network models},
  journal   = {Perform. Eval.},
  volume    = {82},
  pages     = {15--38},
  year      = {2014},
  url       = {https://doi.org/10.1016/j.peva.2014.09.001},
  doi       = {10.1016/j.peva.2014.09.001},
  timestamp = {Thu, 08 Jun 2017 09:03:36 +0200},
  biburl    = {http://dblp.uni-trier.de/rec/bib/journals/pe/CasaleTH14},
  bibsource = {dblp computer science bibliography, http://dblp.org}
}

@INPROCEEDINGS{Bar79,
  author = {Y. Bard},
  title = {Some Extensions to Multiclass Queueing Network Analysis},
  booktitle = {Proc. of the 3rd Int'l Symp. on Model. and Performance Evaluation
	of Comp. Syst.},
  year = {1979},
  pages = {51--62}
}

@INPROCEEDINGS{Sch79,
  author = {P. J. Schweitzer},
  title = {Approximate Analysis of Multiclass Closed Networks of Queues},
  booktitle = {Proc. of the Int'l Conf. on Stoch. Control and Optim.},
  year = {1979},
  pages = {25--29},
  address = {Amsterdam}
}

@inproceedings{Hor17,
 author = {G. Horv\'ath and M. Telek},
 title = {BuTools 2: A Rich Toolbox for Markovian Performance Evaluation},
 booktitle = {Proc. of VALUETOOLS},
 year = {2017},
 isbn = {978-1-63190-141-6},
 location = {Taormina, Italy},
 pages = {137--142},
 numpages = {6},
 howpublished = {\url{ https://doi.org/10.4108/eai.25-10-2016.2266400}},
 doi = {10.4108/eai.25-10-2016.2266400},
 acmid = {3130274},
 publisher = {ICST (Institute for Computer Sciences, Social-Informatics and Telecommunications Engineering)},
 address = {ICST, Brussels, Belgium, Belgium},
 keywords = {markovian performance analysis, toolbox},
}


@MANUAL{lqntut,
  title = {Tutorial Introduction to Layered Modeling of Software Performance},
  author = {Murray Woodside},
  organization = {Carleton University},
  month = {February},
  year = {2013},
  owner = {line},
  howpublished = {\url{ http://www.sce.carleton.ca/rads/lqns/lqn-documentation/tutorialh.pdf}},
  timestamp = {2013.03}
}

@article{Kob74a,
  author    = {Hisashi Kobayashi},
  title     = {Application of the Diffusion Approximation to Queueing Networks {I:}
               Equilibrium Queue Distributions},
  journal   = {J. {ACM}},
  volume    = {21},
  number    = {2},
  pages     = {316--328},
  year      = {1974},
  url       = {http://doi.acm.org/10.1145/321812.321827},
  doi       = {10.1145/321812.321827},
  timestamp = {Fri, 29 Feb 2008 08:09:45 +0100},
  biburl    = {http://dblp.uni-trier.de/rec/bib/journals/jacm/Kobayashi74a},
  bibsource = {dblp computer science bibliography, http://dblp.org}
}

@InProceedings{Bal00,
  title =	"Product Form Queueing Networks",
  author =	"Simonetta Balsamo",
  bibdate =	"2017-05-19",
  bibsource =	"DBLP,
		 http://dblp.uni-trier.de/https://doi.org/10.1007/3-540-46506-5_16;
		 DBLP,
		 http://dblp.uni-trier.de/db/conf/dagstuhl/pe2000.html#Balsamo00",
  booktitle =	"Performance Evaluation: Origins and Directions",
  publisher =	"Springer",
  year = 	"2000",
  volume =	"1769",
  booktitle =	"Performance Evaluation",
  editor =	"G{\"u}nter Haring and Christoph Lindemann and Martin
		 Reiser",
  ISBN = 	"3-540-67193-5",
  pages =	"377--401",
  series =	"Lecture Notes in Computer Science",
}
